@misc{McKinsey,
    author       = {Michael Chui and Mark Collins and Mark Patel},
    title        = {The Internet of Things: Catching up to an 
	accelerating opportunity},
	year         = {2021},
	howpublished = {\url{https://www.mckinsey.com/~/media/mckinsey/business%20functions/mckinsey%20digital/our%20insights/iot%20value%20set%20to%20accelerate%20through%202030%20where%20and%20how%20to%20capture%20it/the-internet-of-things-catching-up-to-an-accelerating-opportunity-final.pdf}},
}

@inproceedings {Deepak,
author = {Deepak Kumar and Kelly Shen and Benton Case and Deepali Garg and Galina Alperovich and Dmitry Kuznetsov and Rajarshi Gupta and Zakir Durumeric},
title = {All Things Considered: An Analysis of {IoT} Devices on Home Networks},
booktitle = {28th USENIX Security Symposium (USENIX Security 19)},
year = {2019},
isbn = {978-1-939133-06-9},
address = {Santa Clara, CA},
pages = {1169--1185},
url = {https://www.usenix.org/conference/usenixsecurity19/presentation/kumar-deepak},
publisher = {USENIX Association},
month = aug,
}

@inproceedings {TeslaMCU,
author = {Ralf-Philipp Weinmann and Benedikt Schmotzle},
title = {TBONE - A zero-click exploit for Tesla MCUs},
year = {2020},
howpublished = {https://kunnamon.io/tbone/tbone-v1.0-redacted.pdf},
publisher = {Comsecuris UG},
month = oct,
}

@misc{mirai,
title={Leaked Mirai source code for Research/IOC development purposes},
howpublished={https://github.com/jgamblin/Mirai-Source-Code},
journal={GitHub},
author={MalwareMustDie}
} 

@article{performance,
author = {Kane, Luke and Chen, Jiaming and Thomas, Rebecca and Liu, Vicky and McKague, Matthew},
year = {2020},
month = {07},
pages = {16-17},
title = {Security and Performance in IoT: A Balancing Act},
volume = {PP},
journal = {IEEE Access},
doi = {10.1109/ACCESS.2020.3007536}
}

